<record><leader>00000cas a2200000 a 4500</leader><controlfield tag="001">17331256</controlfield><controlfield tag="008">880111d1843185unyuwr ne      0    0eng c</controlfield><datafield ind1=" " ind2=" " tag="010"><subfield code="a">sn 88074052 </subfield></datafield><datafield ind1=" " ind2=" " tag="040"><subfield code="a">NYS</subfield><subfield code="b">eng</subfield><subfield code="c">NYS</subfield><subfield code="d">NYG</subfield><subfield code="d">NYS</subfield><subfield code="d">OCL</subfield><subfield code="d">NYS</subfield><subfield code="d">OCLCQ</subfield><subfield code="d">OCLCF</subfield><subfield code="d">OCLCO</subfield></datafield><datafield ind1="1" ind2=" " tag="029"><subfield code="a">AU@</subfield><subfield code="b">000020120604</subfield></datafield><datafield ind1=" " ind2=" " tag="042"><subfield code="a">pcc</subfield></datafield><datafield ind1=" " ind2=" " tag="043"><subfield code="a">n-us-ny</subfield></datafield><datafield ind1="0" ind2=" " tag="130"><subfield code="a">Elmira Republican (Elmira, N.Y. : 1843)</subfield></datafield><datafield ind1="1" ind2="4" tag="245"><subfield code="a">The Elmira Republican.</subfield></datafield><datafield ind1=" " ind2=" " tag="260"><subfield code="a">Elmira, N.Y. :</subfield><subfield code="b">D.M. Cook</subfield></datafield><datafield ind1=" " ind2=" " tag="300"><subfield code="a">v. ;</subfield><subfield code="c">60-62 cm.</subfield></datafield><datafield ind1=" " ind2=" " tag="310"><subfield code="a">Weekly</subfield></datafield><datafield ind1="1" ind2=" " tag="362"><subfield code="a">Began in 1843?</subfield></datafield><datafield ind1=" " ind2=" " tag="500"><subfield code="a">Publishers: D.M. Cook, &lt;Sept. 6, 1843&gt;; Wm. Polleys &amp; Co., &lt;Dec. 23, 1843&gt;; Fairman &amp; Baldwin, &lt;1850&gt;.</subfield></datafield><datafield ind1=" " ind2=" " tag="500"><subfield code="a">"Whig", &lt;1850&gt;.</subfield></datafield><datafield ind1=" " ind2=" " tag="500"><subfield code="a">Editors: S.B. &amp; C.G. Fairman, &lt;1846&gt;; C.G. Fairman, Jr., &lt;1847-1848&gt;; Charles G. Fairman, &lt;1849&gt;; Fairman &amp; Baldwin, &lt;1850&gt;.</subfield></datafield><datafield ind1=" " ind2=" " tag="515"><subfield code="a">Issue for July 17, 1846 called: New ser., vol. 1, no. 35 = whole no. 831.</subfield></datafield><datafield ind1=" " ind2=" " tag="580"><subfield code="a">Daily eds.: Elmira daily Republican (Elmira, N.Y. : 1846), 1846; Elmira daily Republican (Elmira, N.Y. : 1851), 1851-1853; and: Elmira Republican (Elmira, N.Y. : Daily), 1853.</subfield></datafield><datafield ind1=" " ind2=" " tag="588"><subfield code="a">Description based on: New ser., vol. 2, no. 42 (Sept. 6, 1843) = whole no. 682.</subfield></datafield><datafield ind1=" " ind2="0" tag="651"><subfield code="a">Elmira (N.Y.)</subfield><subfield code="v">Newspapers.</subfield></datafield><datafield ind1=" " ind2="7" tag="655"><subfield code="a">Newspapers.</subfield><subfield code="2">fast</subfield><subfield code="0">(OCoLC)fst01423814</subfield></datafield><datafield ind1=" " ind2="7" tag="651"><subfield code="a">New York (State)</subfield><subfield code="z">Elmira.</subfield><subfield code="2">fast</subfield><subfield code="0">(OCoLC)fst01214392</subfield></datafield><datafield ind1=" " ind2=" " tag="752"><subfield code="a">United States</subfield><subfield code="b">New York</subfield><subfield code="c">Chemung</subfield><subfield code="d">Elmira.</subfield></datafield><datafield ind1="1" ind2=" " tag="775"><subfield code="t">Elmira daily Republican (Elmira, N.Y. : 1846)</subfield><subfield code="w">(DLC)sn 91066124</subfield><subfield code="w">(OCoLC)22973450</subfield></datafield><datafield ind1="1" ind2=" " tag="775"><subfield code="t">Elmira daily Republican (Elmira, N.Y. : 1851)</subfield><subfield code="w">(DLC)sn 84031831</subfield></datafield><datafield ind1="1" ind2=" " tag="775"><subfield code="t">Elmira Republican (Elmira, N.Y. : Daily)</subfield><subfield code="w">(DLC)sn 90066595</subfield><subfield code="w">(OCoLC)22831645</subfield></datafield><datafield ind1="0" ind2="0" tag="780"><subfield code="t">Elmira Republican and general advertiser</subfield><subfield code="w">(DLC)sn 83030969</subfield></datafield><datafield ind1="0" ind2="0" tag="785"><subfield code="t">Elmira weekly Republican</subfield><subfield code="w">(DLC)sn 91066120</subfield><subfield code="w">(OCoLC)22904395</subfield></datafield></record>